%% LaTeX2e file `references.bib'
%% generated by the `filecontents' environment
%% from source `ichps2015' on 2015/10/04.
%%
@article{prinssen04,
author = {M. Prinssen and E. Verhoevenet and J. Buth et al.},
title = {A Randomized Trial Comparing Conventional and Endovascular Repair of Abdominal Aortic Aneurysms},
journal = {New England Journal of Medicine},
volume = {351},
number = {16},
pages = {1607-1618},
year = {2004}
}

@article{lederle12,
author = {F. Lederle and J. Freischlag and T. Kyriakides et al.},
title = {Long-Term Comparison of Endovascular and Open Repair of Abdominal Aortic Aneurysm},
journal = {New England Journal of Medicine},
volume = {367},
number = {21},
pages = {1988-1997},
year = {2012}
}

@article {li15,
author = {J. Li and  J.  Fine and A. Brookhart},
title = {Instrumental variable additive hazards models},
journal = {Biometrics},
volume = {71},
number = {1},
pages = {122--130},
year = {2015},
}

@article{tang98,
author = {M.L. Tang and S.Y. Lee},
title = {Analysis of structural equati onmodels with censored or truncated data via EM algorithm},
journal = {Computational Statistics and Data Analysis},
volume = {27},
pages = {33-46},
year = {1998}
}

@article{muthen05,
author = {B. Muthen and L. Masyn},
title = {Discrete-time survival mixture analysis},
journal = {Journal of Educational and Behavioral Statistics},
volume = {30},
pages = {27-58},
year = {2005}
}

@article{chen11,
author = {S. Chen and C. Hsiao and L. Wang},
title = {Measurement errors and censored structural latent variables models},
journal = {Econometric Theory},
volume = {28},
pages = {696-710},
year = {2011}
}

@article{zeng08,
author = {D. Zeng and D.Y. Lin},
title = {Efficient Resampling Methods for Nonsmooth Estimating Functions},
journal = {Biostatistics},
volume = {9.2},
pages = {355-363},
year = {2008}
}


@article{schermerhorn08,
author = {M. Schermerhorn  and J. O'Malley and A. Jhaveri and P. Cotterill and F. Pomposelli and B. Landon},
title = {Endovascular vs. Open Repair of Abdominal Aortic Aneurysms in the Medicare Population},
journal = {New England Journal of Medicine},
volume = {358},
number = {5},
pages = {464-474},
year = {2008}
}



@article{edwards14,
author = {S. Edwards and M. Schermerhorn  and J. O'Malley et al.},
title = {Comparative effectiveness of endovascular versus open repair of ruptured abdominal aortic aneurysm in the Medicare population},
journal = {Journal of Vascular Surgery},
volume = {59},
number = {3},
pages = {575-582},
year = {2014}
}


